@article{avellaneda2010statistical,
  title        = {Statistical Arbitrage in the US Equities Market},
  author       = {Marco Avellaneda and Jeong-Hyun Lee},
  journal      = {Quantitative Finance},
  volume       = {10},
  number       = {7},
  pages        = {761--782},
  year         = {2010},
  doi          = {10.1080/14697680903124632},
  url          = {https://doi.org/10.1080/14697680903124632}
}

@article{guijarro2021deep,
  title   = {Deep Learning Statistical Arbitrage},
  author  = {Jorge Guijarro-Ordonez and Markus Pelger and Greg Zanotti},
  journal = {arXiv preprint arXiv:2106.04028},
  year    = {2021},
  url     = {https://arxiv.org/abs/2106.04028}
}

# datasets

@misc{ember2025,
  author       = {{Ember}},
  title        = {European Wholesale Electricity Price Data},
  year         = {2025},
  howpublished = {\url{https://ember-energy.org/data/european-wholesale-electricity-price-data/}},
  note         = {Dataset. Retrieved May 21, 2025, from Ember}
}

@misc{hersbach2025era5,
  author       = {Hersbach, H. and Cobb, A. and Kaandorp, M. and Poli, P. and Bell, B. and Berrisford, P. and Biavati, G. and Horányi, A. and Muñoz Sabater, J. and Nicolas, J. and Peubey, C. and Radu, R. and Rozum, I. and Schepers, D. and Simmons, A. and Soci, C. and Dee, D. and Thépaut, J.-N.},
  title        = {ERA5 hourly time-series data on single levels from 1940 to present},
  year         = {2025},
  howpublished = {Copernicus Climate Change Service (C3S) Climate Data Store (CDS)},
  note         = {Dataset. Retrieved from \url{https://cds.climate.copernicus.eu/datasets/reanalysis-era5-single-levels-timeseries}}
}
